@article{1,
  author = {J. P. Serre},
  title = {Faisceaux algébriques cohérents},
  journal = {Annals of Mathematics},
  volume = {61},
  year = {1955},
  pages = {197--278},
}

@article{2,
  author = {J. P. Serre},
  title = {Géométrie algébrique et Géométrie analytique},
  journal = {Annales de l'Institut Fourier},
  volume = {6},
  year = {1955--56},
  pages = {1--42},
}

@article{3,
  author = {J. P. Serre},
  title = {Sur la cohomologie des variétés algébriques},
  note = {To appear},
  journal = {Journal de Math. p. et appl.},
  year = {1957},
}
