@article{1,
  author= {M.F. Atiyah},
  title = {Vector bundles over an elliptic curve},
  journal = {Proc. London math. Soc.},
  volume = {7},
  year = {1957},
  pages = {414--452}
}

@article{2,
  author = {A. Borel and F. Hirzebruch},
  title = {Characteristic classes and homogeneous spaces, {II}},
  journal = {Amer. J. Math.},
  year = {to appear},
}

@book{3,
  author = {H. Cartan and S. Eilenberg},
  title = {Homological algebra},
  publisher = {Princeton University Press},
  year = {1956},
  series = {Princeton Math. Series},
  volume = {19},
}

@incollection{4,
  author = {C. Chevalley},
  title = {La notion de correspondance propre en géométrie algébrique},
  booktitle = {Séminaire Bourbaki},
  volume = {10},
  date = {1957--1958},
  note = {(Talk number 152)},
}

@article{5,
  author = {W.L. Chow},
  title = {On equivalence classes of cycles in an algebraic variety},
  journal = {Ann. Math.},
  volume = {64},
  year = {1956},
  pages = {450--479},
}

@incollection{6,
  author = {A. Grothendieck},
  title = {Sur les faisceaux algébriques et les faisceaux analytiques cohérents},
  booktitle = {Séminaire H. Cartan},
  volume = {9},
  date = {1956--1957},
  note = {(Talk number 2)},
}

@article{7,
  author = {A. Grothendieck},
  title = {Sur quelques points d'algèbre homologique},
  journal = {Tohoku math. J.},
  volume = {9},
  year = {1957},
  pages = {119--221},
}

@article{8,
  author = {A. Grothendieck},
  journal = {Bull. Soc. math. France},
  volume = {80},
  year = {1958},
  pages = {137--154},
}

@book{9,
  author = {F. Hirzebruch},
  title = {Neue topologische Methoden in der algebraischen Geometrie},
  publisher = {Berlin, Springer},
  year = {1956},
  series = {Ergebnisse der Mathematik},
  note = {neue Folge, Heft~9},
}

@article{10,
  author = {P. Samuel},
  title = {Rational equivalence of arbitrary cycles},
  journal = {Amer. J. Math.},
  volume = {78},
  year = {1956},
  pages = {383--400},
}

@book{11,
  author = {Séminaire C. Chevalley},
  title = {Anneaux de Chow et applications},
  volume = {2},
  year = {1958},
}

@article{12,
  author = {J.-P. Serre},
  title = {Faisceaux algébriques cohérents},
  journal = {Ann. Math.},
  volume = {61},
  year = {1955},
  pages = {197--279},
}

@article{13,
  author = {J.-P. Serre},
  title = {Géométrie algébrique et géométrie analytique},
  journal = {Ann. Inst. Fourier, Grenoble},
  volume = {6},
  year = {1955--1956},
  pages = {1--42},
}

@article{14,
  author = {J.-P. Serre},
  title = {Sur la cohomologie des variétés algébriques},
  journal = {J. Math. pures et appl.},
  volume = {36},
  year = {1957},
  pages = {1--16},
}
